@online{wheelsforwell,
author = {Rachel Aldred},
title = {Disability and Cycling to Work in England and Wales},
date = {22nd November 2014},
url = {http://www.wheelsforwellbeing.org.uk/rachel-aldreds-analysis-census-data-disability-cycling-work/},
}
